<?xml version="1.0" encoding="UTF-8"?><record xmlns="http://www.loc.gov/MARC21/slim" xmlns:cinclude="http://apache.org/cocoon/include/1.0" xmlns:zs="http://www.loc.gov/zing/srw/">
  <leader>00343nz  a2200121n  4500</leader>
  <controlfield tag="001">nr 97003119 </controlfield>
  <controlfield tag="003">DLC</controlfield>
  <controlfield tag="005">19970130051603.7</controlfield>
  <controlfield tag="008">970124n| acannaab|          |n aaa     c</controlfield>
  <datafield tag="010" ind1=" " ind2=" ">
    <subfield code="a">nr 97003119 </subfield>
  </datafield>
  <datafield tag="040" ind1=" " ind2=" ">
    <subfield code="a">NjP</subfield>
    <subfield code="c">NjP</subfield>
  </datafield>
  <datafield tag="100" ind1="1" ind2="0">
    <subfield code="a">Kirişçioğlu, M. Fatih</subfield>
  </datafield>
  <datafield tag="670" ind1=" " ind2=" ">
    <subfield code="a">Saha (Yakut) Türkçesi grameri, 1994:</subfield>
    <subfield code="b">t.p. (Dr. M. Fatih Kirişçioğlu)</subfield>
  </datafield>
</record>